@preamble{ " \newcommand{\noop}[1]{} " }

@article{absy1976some,
	title={Some palaeoecological data from {Rondonia, southern part of the Amazon Basin}},
	author={Absy, Maria L{\'u}cia and van der Hammen, Thomas},
	journal={Acta Amazonica},
	volume={6},
	number={3},
	pages={293--299},
	year={1976},
	publisher={SciELO Brasil}
}

@article{adolph1990influence,
	title={Influence of behavioral thermoregulation on microhabitat use by two \textit{Sceloporus} lizards},
	author={Adolph, Stephen C},
	journal={Ecology},
	volume={71},
	number={1},
	pages={315--327},
	year={1990},
	publisher={Wiley Online Library}
}

@article{adolph1993temperature,
	title={Temperature, activity, and lizard life histories},
	author={Adolph, Stephen C and Porter, Warren P},
	journal={The American Naturalist},
	volume={142},
	number={2},
	pages={273--295},
	year={1993},
	publisher={University of Chicago Press}
}

@article{bellard2012impacts,
	title={Impacts of climate change on the future of biodiversity},
	author={Bellard, C{\'e}line and Bertelsmeier, Cleo and Leadley, Paul and Thuiller, Wilfried and Courchamp, Franck},
	journal={Ecology letters},
	volume={15},
	number={4},
	pages={365--377},
	year={2012},
	publisher={Wiley Online Library}
}

@article{bouckaert2014beast,
	title={BEAST 2: a software platform for Bayesian evolutionary analysis},
	author={Bouckaert, Remco and Heled, Joseph and K{\"u}hnert, Denise and Vaughan, Tim and Wu, Chieh-Hsi and Xie, Dong and Suchard, Marc A and Rambaut, Andrew and Drummond, Alexei J},
	journal={PLoS computational biology},
	volume={10},
	number={4},
	pages={e1003537},
	year={2014},
	publisher={Public Library of Science}
}

@article{caetanotime,
	title={Time of activity is a better predictor than environmental temperature for the distribution of a tropical lizard},
	author={Caetano, Gabriel H. O. and
	Santos, Juan C. and
	Godinho, Leandro B. and
	Cavalcante, Vitor H. G. L. and
	Diele-Viegas, Luisa M. and
	Campelo, Pedro H. and
	Martins, L{\'i}dia F. and
	Oliveira, Alan F. S. and
	Alvarenga, Julio M. and
	Wiederhecker, Helga C. and
	Novaes-Silva, Ver{\^o}nica and
	Miles, Donald B. and
	Colli, Guarino R. and
	Sinervo, Barry},
	journal={Oikos},
	volume={},
	number={},
	pages={},
	year={"\noop{3001}in review"},
	publisher={Wiley Online Library}
}

@article{carnaval2008historical,
	title={Historical climate modelling predicts patterns of current biodiversity in the Brazilian Atlantic forest},
	author={Carnaval, Ana Carolina and Moritz, Craig},
	journal={Journal of Biogeography},
	volume={35},
	number={7},
	pages={1187--1201},
	year={2008},
	publisher={Wiley Online Library}
}

@article{carnaval2009stability,
	title={Stability predicts genetic diversity in the Brazilian Atlantic forest hotspot},
	author={Carnaval, Ana Carolina and Hickerson, Michael J and Haddad, C{\'e}lio FB and Rodrigues, Miguel T and Moritz, Craig},
	journal={Science},
	volume={323},
	number={5915},
	pages={785--789},
	year={2009},
	publisher={American Association for the Advancement of Science}
}

@article{collevatti2012recovering,
	title={Recovering the demographical history of a{ Brazilian Cerrado} tree species \textit{Caryocar brasiliensis}: coupling ecological niche modeling and coalescent analyses},
	author={Collevatti, Rosane Garcia and Ribeiro, Matheus Souza Lima and Souza Neto, Advaldo Carlos and Franco, Amanda Assis and Oliveira, Guilherme de and Terribile, Levi Carina and others},
	year={2012},
	publisher={brasil}
}

@article{corripio2003vectorial,
	title={Vectorial algebra algorithms for calculating terrain parameters from {DEM}s and solar radiation modelling in mountainous terrain},
	author={Corripio, Javier G},
	journal={International Journal of Geographical Information Science},
	volume={17},
	number={1},
	pages={1--23},
	year={2003},
	publisher={Taylor \& Francis}
}

@article{costa2018biome,
	title={Biome stability in{ South America over the last 30 kyr: Inferences} from long-term vegetation dynamics and habitat modelling},
	author={Costa, Gabriel C and Hampe, Arndt and Ledru, Marie-Pierre and Martinez, Pablo A and Mazzochini, Guilherme G and Shepard, Donald B and Werneck, Fernanda P and Moritz, Craig and Carnaval, Ana Carolina},
	journal={Global ecology and biogeography},
	volume={27},
	number={3},
	pages={285--297},
	year={2018},
	publisher={Wiley Online Library}
}

@article{davies2011phylogenetic,
	title={Phylogenetic diversity as a window into the evolutionary and biogeographic histories of present-day richness gradients for mammals},
	author={Davies, T Jonathan and Buckley, Lauren B},
	journal={Philosophical Transactions of the Royal Society B: Biological Sciences},
	volume={366},
	number={1576},
	pages={2414--2425},
	year={2011},
	publisher={The Royal Society}
}

@article{de2018late,
  title={A Late Quaternary climate record based on long-chain diol proxies from the Chilean margin},
  author={De Bar, Marijke W and Stolwijk, Dave J and McManus, Jerry F and Sinninghe Damst{\'e}, Jaap S and Schouten, Stefan},
  journal={Climate of the Past},
  volume={14},
  number={11},
  pages={1783--1803},
  year={2018}
}

@article{drummond2005bayesian,
	title={Bayesian coalescent inference of past population dynamics from molecular sequences},
	author={Drummond, Alexei J and Rambaut, Andrew and Shapiro, BETH and Pybus, Oliver G},
	journal={Molecular biology and evolution},
	volume={22},
	number={5},
	pages={1185--1192},
	year={2005},
	publisher={Society for Molecular Biology and Evolution}
}

@article{faith2010evosystem,
	title={Evosystem services: an evolutionary perspective on the links between biodiversity and human well-being},
	author={Faith, Daniel P and Magall{\'o}n, Susana and Hendry, Andrew P and Conti, Elena and Yahara, Tetsukazu and Donoghue, Michael J},
	journal={Current Opinion in Environmental Sustainability},
	volume={2},
	number={1-2},
	pages={66--74},
	year={2010},
	publisher={Elsevier}
}

@article{fick2017worldclim,
	title={WorldClim 2: new 1-km spatial resolution climate surfaces for global land areas},
	author={Fick, Stephen E and Hijmans, Robert J},
	journal={International journal of climatology},
	volume={37},
	number={12},
	pages={4302--4315},
	year={2017},
	publisher={Wiley Online Library}
}

@article{frankham2005genetics,
	title={Genetics and extinction},
	author={Frankham, Richard},
	journal={Biological conservation},
	volume={126},
	number={2},
	pages={131--140},
	year={2005},
	publisher={Elsevier}
}

@article{gainsbury2003lizard,
	title={Lizard Assemblages from Natural Cerrado Enclaves in Southwestern Amazonia: The Role of Stochastic Extinctions and Isolation1},
	author={Gainsbury, Alison Melissa and Colli, Guarino Rinaldi},
	journal={Biotropica},
	volume={35},
	number={4},
	pages={503--519},
	year={2003},
	publisher={Wiley Online Library}
}

@article{grant1988thermally,
	title={Thermally imposed time constraints on the activity of the desert lizard \textit{Sceloporus merriami}},
	author={Grant, Bruce W and Dunham, Arthur E},
	journal={Ecology},
	volume={69},
	number={1},
	pages={167--176},
	year={1988},
	publisher={Wiley Online Library}
}

@article{hague2016does,
	title={Does population size affect genetic diversity? A test with sympatric lizard species},
	author={Hague, MTJ and Routman, EJ},
	journal={Heredity},
	volume={116},
	number={1},
	pages={92},
	year={2016},
	publisher={Nature Publishing Group}
}

@article{huey1991physiological,
	title={Physiological consequences of habitat selection},
	author={Huey, Raymond B},
	journal={The American Naturalist},
	volume={137},
	pages={S91--S115},
	year={1991},
	publisher={University of Chicago Press}
}

@book{james2013introduction,
	title={An introduction to statistical learning},
	author={James, Gareth and Witten, Daniela and Hastie, Trevor and Tibshirani, Robert},
	volume={112},
	year={2013},
	publisher={Springer}
}

@article{kearney2009mechanistic,
	title={Mechanistic niche modeling: combining physiological and spatial data to predict speciesâ€™ ranges},
	author={Kearney, Michael and Porter, Warren},
	journal={Ecology letters},
	volume={12},
	number={4},
	pages={334--350},
	year={2009},
	publisher={Wiley Online Library}
}

@article{kimura1979neutral,
	title={The neutral theory of molecular evolution},
	author={Kimura, Motoo},
	journal={Scientific American},
	volume={241},
	number={5},
	pages={98--129},
	year={1979},
	publisher={JSTOR}
}

@article{king2012does,
	title={Does genetic diversity limit disease spread in natural host populations?},
	author={King, KC and Lively, CM},
	journal={Heredity},
	volume={109},
	number={4},
	pages={199},
	year={2012},
	publisher={Nature Publishing Group}
}

@article{ledo2017historical,
	title={The historical connections between the {A}mazon and the {A}tlantic Forest revisited},
	author={Ledo, Roger Maia Dias and Colli, Guarino Rinaldi},
	journal={Journal of Biogeography},
	volume={44},
	number={11},
	pages={2551--2563},
	year={2017},
	publisher={Wiley Online Library}
}

@article{leffler2012revisiting,
	title={Revisiting an old riddle: what determines genetic diversity levels within species?},
	author={Leffler, Ellen M and Bullaughey, Kevin and Matute, Daniel R and Meyer, Wynn K and Segurel, Laure and Venkat, Aarti and Andolfatto, Peter and Przeworski, Molly},
	journal={PLoS biology},
	volume={10},
	number={9},
	pages={e1001388},
	year={2012},
	publisher={Public Library of Science}
}

@article{mayle2004assessment,
	title={Assessment of the {N}eotropical dry forest refugia hypothesis in the light of palaeoecological data and vegetation model simulations},
	author={Mayle, Francis E},
	journal={Journal of Quaternary Science},
	volume={19},
	number={7},
	pages={713--720},
	year={2004},
	publisher={Wiley Online Library}
}

@article{melo2016coalescent,
	title={Coalescent simulation and paleodistribution modeling for \textit{Tabebuia rosealba} do not support {S}outh {A}merican dry forest refugia hypothesis},
	author={Melo, Warita Alves and Lima-Ribeiro, Matheus S and Terribile, Levi Carina and Collevatti, Rosane G},
	journal={PloS one},
	volume={11},
	number={7},
	pages={e0159314},
	year={2016},
	publisher={Public Library of Science}
}

@article{miles2004race,
	title={The race goes to the swift: fitness consequences of variation in sprint performance in juvenile lizards},
	author={Miles, Donald B},
	journal={Evolutionary Ecology Research},
	volume={6},
	number={1},
	pages={63--75},
	year={2004},
	publisher={Evolutionary Ecology, Ltd.}
}

@book{oliveira2002cerrados,
	title={The cerrados of {B}razil: ecology and natural history of a neotropical savanna},
	author={Oliveira, PS and Marquis, Robert J},
	year={2002},
	publisher={Columbia University Press}
}

@article{otto2006simulating,
	title={Simulating {A}rctic climate warmth and icefield retreat in the last interglaciation},
	author={Otto-Bliesner, Bette L and Marshall, Shawn J and Overpeck, Jonathan T and Miller, Gifford H and Hu, Aixue and others},
	journal={science},
	volume={311},
	number={5768},
	pages={1751--1753},
	year={2006},
	publisher={American Association for the Advancement of Science}
}

@article{pagel2004bayesian,
	title={Bayesian estimation of ancestral character states on phylogenies},
	author={Pagel, Mark and Meade, Andrew and Barker, Daniel},
	journal={Systematic biology},
	volume={53},
	number={5},
	pages={673--684},
	year={2004},
	publisher={Society of Systematic Zoology}
}

@article{paranjpe2013evidence,
	title={Evidence of maternal effects on temperature preference in side-blotched lizards: {I}mplications for evolutionary response to climate change},
	author={Paranjpe, Dhanashree A and Bastiaans, Elizabeth and Patten, Amy and Cooper, Robert D and Sinervo, Barry},
	journal={Ecology and evolution},
	volume={3},
	number={7},
	pages={1977--1991},
	year={2013},
	publisher={Wiley Online Library}
}

@article{pons2006sequence,
	title={Sequence-based species delimitation for the DNA taxonomy of undescribed insects},
	author={Pons, Joan and Barraclough, Timothy G and Gomez-Zurita, Jesus and Cardoso, Anabela and Duran, Daniel P and Hazell, Steaphan and Kamoun, Sophien and Sumlin, William D and Vogler, Alfried P},
	journal={Systematic biology},
	volume={55},
	number={4},
	pages={595--609},
	year={2006},
	publisher={Oxford University Press}
}

@article{porter1973behavioral,
	title={Behavioral implications of mechanistic ecology},
	author={Porter, WP and Mitchell, JW and Beckman, WA and DeWitt, CB},
	journal={Oecologia},
	volume={13},
	number={1},
	pages={1--54},
	year={1973},
	publisher={Springer}
}

@article{purvis2000nonrandom,
	title={Nonrandom extinction and the loss of evolutionary history},
	author={Purvis, Andy and Agapow, Paul-Michael and Gittleman, John L and Mace, Georgina M},
	journal={Science},
	volume={288},
	number={5464},
	pages={328--330},
	year={2000},
	publisher={American Association for the Advancement of Science}
}

@Manual{r2018,
	title = {R: A Language and Environment for Statistical Computing},
	author = {{R Core Team}},
	organization = {R Foundation for Statistical Computing},
	address = {Vienna, Austria},
	year = {2018},
	url = {https://www.R-project.org/},
}

@article{ratter1997brazilian,
	title={The Brazilian {C}errado vegetation and threats to its biodiversity},
	author={Ratter, James Alexander and Ribeiro, Jos{\'e} Felipe and Bridgewater, Samuel},
	journal={Annals of botany},
	volume={80},
	number={3},
	pages={223--230},
	year={1997},
	publisher={Elsevier}
}

@article{rosauer2016phylogeography,
	title={Phylogeography, hotspots and conservation priorities: an example from the Top End of {A}ustralia},
	author={Rosauer, DF and Blom, MPK and Bourke, G and Catalano, S and Donnellan, S and Gillespie, G and Mulder, E and Oliver, PM and Potter, S and Pratt, RC and others},
	journal={Biological Conservation},
	volume={204},
	pages={83--93},
	year={2016},
	publisher={Elsevier}
}

@article{santos2014landscape,
	year = {2014},
	publisher = {Wiley Online Library},
	volume = {41},
	number = {8},
	pages = {1506--1519},
	author = {Marcella Gon{\c{c}}alves Santos and Cristiano Nogueira and Lilian Gimenes Giugliano and Guarino Rinaldi Colli},
	editor = {Brett Riddle},
	title = {Landscape evolution and phylogeography of \textit{Micrablepharus atticolus} {(Squamata,  Gymnophthalmidae),  an endemic lizard of the Brazilian Cerrado}},
	journal = {Journal of Biogeography}
}

@article{sinervo1994growth,
	title={Growth plasticity and thermal opportunity in \textit{Sceloporus} lizards},
	author={Sinervo, Barry and Adolph, Stephen C},
	journal={Ecology},
	volume={75},
	number={3},
	pages={776--790},
	year={1994},
	publisher={Wiley Online Library}
}

@article{sinervo2010erosion,
	title={Erosion of lizard diversity by climate change and altered thermal niches},
	author={Sinervo, Barry and Mendez-De-La-Cruz, Fausto and Miles, Donald B and Heulin, Benoit and Bastiaans, Elizabeth and Villagr{\'a}n-Santa Cruz, Maricela and Lara-Resendiz, Rafael and Mart{\'\i}nez-M{\'e}ndez, Norberto and Calder{\'o}n-Espinosa, Martha Luc{\'\i}a and Meza-L{\'a}zaro, Rubi Nelsi and others},
	journal={Science},
	volume={328},
	number={5980},
	pages={894--899},
	year={2010},
	publisher={American Association for the Advancement of Science}
}

@article{sitch2008evaluation,
	title={Evaluation of the terrestrial carbon cycle, future plant geography and climate-carbon cycle feedbacks using five {Dynamic Global Vegetation Models (DGVMs)}},
	author={Sitch, Stephen and Huntingford, C and Gedney, N and Levy, PE and Lomas, M and Piao, SL and Betts, R and Ciais, P and Cox, P and Friedlingstein, P and others},
	journal={Global Change Biology},
	volume={14},
	number={9},
	pages={2015--2039},
	year={2008},
	publisher={Wiley Online Library}
}

@article{srivastava2012phylogenetic,
	title={Phylogenetic diversity and the functioning of ecosystems},
	author={Srivastava, Diane S and Cadotte, Marc W and MacDonald, A Andrew M and Marushia, Robin G and Mirotchnick, Nicholas},
	journal={Ecology letters},
	volume={15},
	number={7},
	pages={637--648},
	year={2012},
	publisher={Wiley Online Library}
}

@article{thorpe2005molecular,
	year = {2005},
	publisher = {Wiley Online Library},
	volume = {14},
	number = {7},
	pages = {2087--2096},
	author = {Thorpe, R S and Leadbeater, D L and Pook, C E},
	title = {Molecular clocks and geological dates: cytochrome \textit{b} of \textit{Anolis extremus} substantially contradicts dating of {B}arbados emergence},
	journal = {Molecular Ecology}
}

@article{tigano2016genomics,
	title={Genomics of local adaptation with gene flow},
	author={Tigano, Anna and Friesen, Vicki L},
	journal={Molecular Ecology},
	volume={25},
	number={10},
	pages={2144--2164},
	year={2016},
	publisher={Wiley Online Library}
}

@article{van1974pleistocene,
	title={{The Pleistocene changes of vegetation and climate in tropical South America}},
	author={van der Hammen, Theodor},
	journal={Journal of Biogeography},
	pages={3--26},
	year={1974},
	publisher={JSTOR}
}

@article{van1994amazonia,
	title={Amazonia during the last glacial},
	author={van der Hammen, Thomas and Absy, Mar{\'\i}a Luc{\'\i}a},
	journal={Palaeogeography, palaeoclimatology, palaeoecology},
	volume={109},
	number={2-4},
	pages={247--261},
	year={1994},
	publisher={Elsevier}
}

@article{walther2002ecological,
	title={Ecological responses to recent climate change},
	author={Walther, Gian-Reto and Post, Eric and Convey, Peter and Menzel, Annette and Parmesan, Camille and Beebee, Trevor JC and Fromentin, Jean-Marc and Hoegh-Guldberg, Ove and Bairlein, Franz},
	journal={Nature},
	volume={416},
	number={6879},
	pages={389},
	year={2002},
	publisher={Nature Publishing Group}
}

@article{werneck2011diversification,
	title={The diversification of eastern {South American} open vegetation biomes: historical biogeography and perspectives},
	author={Werneck, Fernanda P},
	journal={Quaternary Science Reviews},
	volume={30},
	number={13-14},
	pages={1630--1648},
	year={2011},
	publisher={Elsevier}
}

@article{werneck2012climatic,
	title={Climatic stability in the {Brazilian Cerrado: implications for biogeographical connections of South American} savannas, species richness and conservation in a biodiversity hotspot},
	author={Werneck, Fernanda P and Nogueira, Cristiano and Colli, Guarino R and Sites Jr, Jack W and Costa, Gabriel C},
	journal={Journal of Biogeography},
	volume={39},
	number={9},
	pages={1695--1706},
	year={2012},
	publisher={Wiley Online Library}
}

@article{zamudio2016phenotypes,
	title={Phenotypes in phylogeography:{ Speciesâ€™} traits, environmental variation, and vertebrate diversification},
	author={Zamudio, Kelly R and Bell, Rayna C and Mason, Nicholas A},
	journal={Proceedings of the National Academy of Sciences},
	volume={113},
	number={29},
	pages={8041--8048},
	year={2016},
	publisher={National Acad Sciences}
}